<?xml version = "1.0" encoding = "UTF-8"?><OAI-PMH xmlns="http://www.openarchives.org/OAI/2.0/" xmlns:xsi="http://www.w3.org/2001/XMLSchema-instance" xsi:schemaLocation="http://www.openarchives.org/OAI/2.0/ http://www.openarchives.org/OAI/2.0/OAI-PMH.xsd"><ListRecords><record><header><identifier>aleph-publish:021110638</identifier></header><metadata><record xmlns="http://www.ddb.de/professionell/mabxml/mabxml-1.xsd"><leader>01541nM2.01200024------h</leader><controlfield tag="LDR">01541nM2.01200024------h</controlfield><controlfield tag="FMT">MH</controlfield><datafield tag="001" ind1="-" ind2="1"><subfield code="a">HT018939763</subfield></datafield><datafield tag="002" ind1="a" ind2="1"><subfield code="a">20160412</subfield></datafield><datafield tag="003" ind1="-" ind2="1"><subfield code="a">20160510</subfield></datafield><datafield tag="020" ind1="b" ind2="1"><subfield code="a">BV043195496</subfield></datafield><datafield tag="025" ind1="o" ind2="1"><subfield code="a">909060617</subfield></datafield><datafield tag="026" ind1="-" ind2="1"><subfield code="a">BVBBV043195496</subfield></datafield><controlfield tag="030">f||dr||||||37</controlfield><datafield tag="036" ind1="a" ind2="1"><subfield code="a">XA-DE-HE</subfield></datafield><datafield tag="037" ind1="b" ind2="1"><subfield code="a">por</subfield></datafield><controlfield tag="050">||||||||g|||||</controlfield><controlfield tag="051">m|||||||</controlfield><datafield tag="060" ind1="-" ind2="1"><subfield code="b">txt</subfield><subfield code="a">Text</subfield></datafield><datafield tag="061" ind1="-" ind2="1"><subfield code="b">c</subfield><subfield code="a">Computermedien</subfield></datafield><datafield tag="062" ind1="-" ind2="1"><subfield code="b">cr</subfield><subfield code="a">Online-Ressource</subfield></datafield><datafield tag="070" ind1="-" ind2="1"><subfield code="a">38</subfield></datafield><datafield tag="070" ind1="b" ind2="1"><subfield code="a">38</subfield></datafield><datafield tag="078" ind1="i" ind2="1"><subfield code="a">iall</subfield></datafield><datafield tag="078" ind1="e" ind2="1"><subfield code="a">ZDB-114-LAC</subfield></datafield><datafield tag="080" ind1="-" ind2="1"><subfield code="a">60</subfield></datafield><datafield tag="100" ind1="b" ind2="1"><subfield code="p">Avelar, Juanito Ornelas &lt;&lt;de&gt;&gt;</subfield><subfield code="4">edt</subfield><subfield code="3">Herausgeber</subfield><subfield code="9">(DE-588)1068655429</subfield></datafield><datafield tag="101" ind1="-" ind2="1"><subfield code="p">Ornelas de Avelar, Juanito</subfield></datafield><datafield tag="104" ind1="b" ind2="1"><subfield code="p">Álvarez López, Laura</subfield><subfield code="4">edt</subfield><subfield code="3">Herausgeber</subfield></datafield><datafield tag="331" ind1="-" ind2="1"><subfield code="a">Dinâmicas Afro-Latinas</subfield></datafield><datafield tag="335" ind1="-" ind2="1"><subfield code="a">língua(s) e história(s)</subfield></datafield><datafield tag="359" ind1="-" ind2="1"><subfield code="a">Juanito Ornelas de Avelar / Laura Álvarez López (eds.)</subfield></datafield><datafield tag="419" ind1="-" ind2="1"><subfield code="a">Frankfurt am Main</subfield><subfield code="b">Peter Lang Edition</subfield><subfield code="c">[2015]</subfield></datafield><datafield tag="419" ind1="d" ind2="1"><subfield code="c">© 2015</subfield></datafield><datafield tag="425" ind1="a" ind2="1"><subfield code="a">2015</subfield></datafield><datafield tag="433" ind1="-" ind2="1"><subfield code="a">1 Online-Ressource (265 Seiten)</subfield></datafield><datafield tag="434" ind1="-" ind2="1"><subfield code="a">Diagramme</subfield></datafield><datafield tag="540" ind1="a" ind2="1"><subfield code="a">978-3-653-05265-7</subfield><subfield code="b">Online</subfield></datafield><datafield tag="540" ind1="a" ind2="1"><subfield code="a">978-3-631-66024-9</subfield><subfield code="b">print</subfield></datafield><datafield tag="551" ind1="a" ind2="1"><subfield code="a">Best.-Nr.: 266024</subfield></datafield><datafield tag="552" ind1="a" ind2="1"><subfield code="a">10.3726/ 978-3-653-05265-7</subfield></datafield><datafield tag="655" ind1="e" ind2="1"><subfield code="m">B:DE-101</subfield><subfield code="q">application/pdf</subfield><subfield code="u">http://digitale-objekte.hbz-nrw.de/storage2/2016/04/23/file_43/6721512.pdf</subfield><subfield code="3">Inhaltsverzeichnis</subfield><subfield code="A">2</subfield></datafield><datafield tag="655" ind1="e" ind2="1"><subfield code="m">B:DE-101</subfield><subfield code="q">application/pdf</subfield><subfield code="u">http://digitale-objekte.hbz-nrw.de/storage2/2016/04/23/file_43/6721515.pdf</subfield><subfield code="3">Inhaltsverzeichnis</subfield><subfield code="A">2</subfield></datafield><datafield tag="902" ind1="-" ind2="1"><subfield code="s">Portugiesisch</subfield><subfield code="9">(DE-588)4120316-1</subfield></datafield><datafield tag="902" ind1="-" ind2="1"><subfield code="s">Afrikanische Sprachen</subfield><subfield code="9">(DE-588)4120108-5</subfield></datafield><datafield tag="902" ind1="-" ind2="1"><subfield code="g">Portugiesischsprachiges Afrika</subfield><subfield code="9">(DE-588)4327015-3</subfield></datafield><datafield tag="902" ind1="-" ind2="1"><subfield code="g">Lateinamerika</subfield><subfield code="9">(DE-588)4074032-8</subfield></datafield><datafield tag="902" ind1="-" ind2="1"><subfield code="s">Sprachkontakt</subfield><subfield code="9">(DE-588)4077723-6</subfield></datafield><datafield tag="903" ind1="-" ind2="1"><subfield code="a">21345</subfield><subfield code="a">31245</subfield><subfield code="a">41235</subfield><subfield code="a">51234</subfield></datafield><controlfield tag="SYS">021110638</controlfield><datafield tag="LOW" ind1="-" ind2="1"><subfield code="a">K0001</subfield></datafield><datafield tag="952" ind1="-" ind2="1"><subfield code="s">Portugiesische Sprache</subfield></datafield><datafield tag="952" ind1="-" ind2="1"><subfield code="s">Afrikanische Sprache</subfield></datafield><datafield tag="952" ind1="-" ind2="1"><subfield code="g">Lusophones Afrika</subfield></datafield><datafield tag="952" ind1="-" ind2="1"><subfield code="g">Iberoamerika</subfield></datafield><datafield tag="952" ind1="-" ind2="1"><subfield code="s">Kontaktlinguistik</subfield></datafield><datafield tag="952" ind1="-" ind2="1"><subfield code="s">Sprachberührung</subfield></datafield><datafield tag="952" ind1="-" ind2="1"><subfield code="s">Sprachbeziehungen</subfield></datafield><datafield tag="952" ind1="-" ind2="1"><subfield code="s">Sprachenkontakt</subfield></datafield><datafield tag="088" ind1=" " ind2=" "><subfield code="a">38</subfield></datafield><datafield tag="655" ind1="e" ind2="9"><subfield code="u">http://dx.doi.org/10.3726/978-3-653-05265-7</subfield><subfield code="z">Zugriff nur im Hochschulnetz der Universität Köln bzw. für autorisierte Benutzer</subfield><subfield code="2">K0001</subfield></datafield></record></metadata></record></ListRecords></OAI-PMH>